@book{white2012hadoop,
  title={Hadoop: The definitive guide},
  author={White, Tom},
  year={2012},
  publisher={O'Reilly Media, Inc.}
}

@book{banker2011mongodb,
  title={MongoDB in action},
  author={Banker, Kyle},
  year={2011},
  publisher={Manning Publications Co.}
}

@book{beck2004junit,
  title={JUnit pocket guide},
  author={Beck, Kent},
  year={2004},
  publisher={O'Reilly Media, Inc.}
}


@inproceedings{ghemawat2003google,
  title={The Google file system},
  author={Ghemawat, Sanjay and Gobioff, Howard and Leung, Shun-Tak},
  booktitle={ACM SIGOPS Operating Systems Review},
  volume={37},
  number={5},
  pages={29--43},
  year={2003},
  organization={ACM}
}

@inproceedings{ross2000pvfs,
  title={PVFS: A parallel file system for Linux clusters},
  author={Ross, Robert B and Thakur, Rajeev and others},
  booktitle={in Proceedings of the 4th Annual Linux Showcase and Conference},
  pages={391--430},
  year={2000}
}

@inproceedings{hunt2010zookeeper,
  title={ZooKeeper: wait-free coordination for internet-scale systems},
  author={Hunt, Patrick and Konar, Mahadev and Junqueira, Flavio P and Reed, Benjamin},
  booktitle={Proceedings of the 2010 USENIX conference on USENIX annual technical conference},
  volume={8},
  pages={11--11},
  year={2010}
}

@inproceedings{shvachko2010hadoop,
  title={The hadoop distributed file system},
  author={Shvachko, Konstantin and Kuang, Hairong and Radia, Sanjay and Chansler, Robert},
  booktitle={Mass Storage Systems and Technologies (MSST), 2010 IEEE 26th Symposium on},
  pages={1--10},
  year={2010},
  organization={IEEE}
}

@article{shvachko2010hdfs,
  title={HDFS Scalability: The limits to growth},
  author={Shvachko, Konstantin V},
  journal={login},
  volume={35},
  number={2},
  pages={6--16},
  year={2010}
}

@article{beck2002junit,
  title={JUnit cookbook},
  author={Beck, Kent and Gamma, Erich},
  journal={Available on-line at: http://junit.sourceforge.net/doc/cookbook/cookbook.htm},
  year={2002}
}

@online{wiki2014hadoop,
  title={Apache Hadoop},
  author={{Wikipedia}},
  url={http://en.wikipedia.org/wiki/Apache_Hadoop},
  citedate={2014-01-20}
}

